<record><leader>00000cas a22000007a 4500</leader><controlfield tag="001">18667622</controlfield><controlfield tag="008">881025d19841988iduwr ne      0    0eng d</controlfield><datafield ind1=" " ind2=" " tag="010"><subfield code="a">sn 88056079 </subfield></datafield><datafield ind1=" " ind2=" " tag="040"><subfield code="a">NVB</subfield><subfield code="b">eng</subfield><subfield code="c">NVB</subfield><subfield code="d">NSD</subfield><subfield code="d">OCLCQ</subfield><subfield code="d">OCLCF</subfield><subfield code="d">OCLCO</subfield></datafield><datafield ind1=" " ind2=" " tag="042"><subfield code="a">msc</subfield></datafield><datafield ind1=" " ind2=" " tag="043"><subfield code="a">n-us-id</subfield></datafield><datafield ind1="0" ind2="0" tag="245"><subfield code="a">North Idaho Sunday.</subfield></datafield><datafield ind1=" " ind2=" " tag="260"><subfield code="a">Coeur d'Alene, Idaho :</subfield><subfield code="b">Coeur d'Alene Press</subfield></datafield><datafield ind1=" " ind2=" " tag="300"><subfield code="a">v.</subfield></datafield><datafield ind1=" " ind2=" " tag="310"><subfield code="a">Weekly</subfield></datafield><datafield ind1="0" ind2=" " tag="362"><subfield code="a">Vol. 1, no. 1 (Oct. 7, 1984)-v. 4, no. 52 (Sept. 25, 1988).</subfield></datafield><datafield ind1=" " ind2=" " tag="580"><subfield code="a">Sunday ed. for: Bonners Ferry herald; Coeur d'Alene press; Post Falls tribune; Priest River times; Sandpoint daily bee; Shoshone County news-press.</subfield></datafield><datafield ind1=" " ind2="0" tag="651"><subfield code="a">Bonners Ferry (Idaho)</subfield><subfield code="v">Newspapers.</subfield></datafield><datafield ind1=" " ind2="0" tag="651"><subfield code="a">Coeur d'Alene (Idaho)</subfield><subfield code="v">Newspapers.</subfield></datafield><datafield ind1=" " ind2="0" tag="651"><subfield code="a">Priest River (Idaho)</subfield><subfield code="v">Newspapers.</subfield></datafield><datafield ind1=" " ind2="0" tag="651"><subfield code="a">Post Falls (Idaho)</subfield><subfield code="v">Newspapers.</subfield></datafield><datafield ind1=" " ind2="0" tag="651"><subfield code="a">Sandpoint (Idaho)</subfield><subfield code="v">Newspapers.</subfield></datafield><datafield ind1=" " ind2="0" tag="651"><subfield code="a">Kellogg (Idaho)</subfield><subfield code="v">Newspapers.</subfield></datafield><datafield ind1=" " ind2="7" tag="655"><subfield code="a">Newspapers.</subfield><subfield code="2">fast</subfield><subfield code="0">(OCoLC)fst01423814</subfield></datafield><datafield ind1=" " ind2="7" tag="651"><subfield code="a">Idaho</subfield><subfield code="z">Bonners Ferry.</subfield><subfield code="2">fast</subfield><subfield code="0">(OCoLC)fst01230980</subfield></datafield><datafield ind1=" " ind2="7" tag="651"><subfield code="a">Idaho</subfield><subfield code="z">Coeur d'Alene.</subfield><subfield code="2">fast</subfield><subfield code="0">(OCoLC)fst01219982</subfield></datafield><datafield ind1=" " ind2="7" tag="651"><subfield code="a">Idaho</subfield><subfield code="z">Kellogg.</subfield><subfield code="2">fast</subfield><subfield code="0">(OCoLC)fst01272101</subfield></datafield><datafield ind1=" " ind2="7" tag="651"><subfield code="a">Idaho</subfield><subfield code="z">Post Falls.</subfield><subfield code="2">fast</subfield><subfield code="0">(OCoLC)fst01229232</subfield></datafield><datafield ind1=" " ind2="7" tag="651"><subfield code="a">Idaho</subfield><subfield code="z">Priest River.</subfield><subfield code="2">fast</subfield><subfield code="0">(OCoLC)fst01220464</subfield></datafield><datafield ind1=" " ind2="7" tag="651"><subfield code="a">Idaho</subfield><subfield code="z">Sandpoint.</subfield><subfield code="2">fast</subfield><subfield code="0">(OCoLC)fst01210765</subfield></datafield><datafield ind1=" " ind2=" " tag="752"><subfield code="a">United States</subfield><subfield code="b">Idaho</subfield><subfield code="c">Kootenai</subfield><subfield code="d">Coeur d'Alene.</subfield></datafield><datafield ind1=" " ind2=" " tag="752"><subfield code="a">United States</subfield><subfield code="b">Idaho</subfield><subfield code="c">Boundary.</subfield></datafield><datafield ind1=" " ind2=" " tag="752"><subfield code="a">United States</subfield><subfield code="b">Idaho</subfield><subfield code="c">Bonner.</subfield></datafield><datafield ind1=" " ind2=" " tag="752"><subfield code="a">United States</subfield><subfield code="b">Idaho</subfield><subfield code="c">Shoshone.</subfield></datafield><datafield ind1="1" ind2=" " tag="775"><subfield code="t">Bonners Ferry herald</subfield><subfield code="x">1064-9298</subfield><subfield code="w">(DLC)sn 86091084</subfield><subfield code="w">(OCoLC)13089671</subfield></datafield><datafield ind1="1" ind2=" " tag="775"><subfield code="t">Coeur d'Alene press</subfield><subfield code="w">(DLC)sn 82003369</subfield></datafield><datafield ind1="1" ind2=" " tag="775"><subfield code="t">Post Falls tribune</subfield><subfield code="w">(DLC)sn 88056089</subfield></datafield><datafield ind1="1" ind2=" " tag="775"><subfield code="t">Priest River times</subfield><subfield code="w">(DLC)sn 83002696</subfield></datafield><datafield ind1="1" ind2=" " tag="775"><subfield code="t">Sandpoint daily bee</subfield><subfield code="w">(DLC)sn 88056087</subfield></datafield><datafield ind1="1" ind2=" " tag="775"><subfield code="t">Shoshone County news-press</subfield><subfield code="w">(DLC)sn 88056048</subfield></datafield></record>